@article{10.1214/10-AOAS380,
author = {Chaitra H. Nagaraja and Lawrence D. Brown and Linda H. Zhao},
title = {{An autoregressive approach to house price modeling}},
volume = {5},
journal = {The Annals of Applied Statistics},
number = {1},
publisher = {Institute of Mathematical Statistics},
pages = {124 -- 149},
keywords = {Housing index, repeat sales, time series},
year = {2011},
doi = {10.1214/10-AOAS380},
URL = {https://doi.org/10.1214/10-AOAS380}
}
