
@misc{noauthor_abecip_nodate,
	title = {{ABECIP}},
	url = {https://www.abecip.org.br/igmi-r-abecip/caracteristicas-do-indice},
	abstract = {ABECIP},
	urldate = {2021-04-14},
}
