
@misc{noauthor_brasil_2018,
	title = {Brasil tem 6,9 milhões de famílias sem casa e 6 milhões de imóveis vazios, diz urbanista},
	url = {https://g1.globo.com/economia/noticia/brasil-tem-69-milhoes-de-familias-sem-casa-e-6-milhoes-de-imoveis-vazios-diz-urbanista.ghtml},
	abstract = {Para Edésio Fernandes, professor de direito urbanístico e ambiental em Londres, esse descompasso aumentou o volume de ocupações, muitas delas maior que muita cidade no país; arquiteta Joice Berth defende cotas sociais e raciais para acabar com déficit e segregação.},
	language = {pt-br},
	urldate = {2021-03-24},
	journal = {G1},
	month = may,
	year = {2018},
}
