
@article{olsen_opinion_2016,
	address = {Washington},
	title = {Opinion {\textbar} {We} donâ€™t need more housing projects},
	issn = {0190-8286},
	url = {https://www.washingtonpost.com/news/in-theory/wp/2016/10/11/we-dont-need-more-housing-projects/},
	abstract = {But we do need help paying rent.},
	language = {en-US},
	urldate = {2021-03-24},
	journal = {Washington Post},
	author = {Olsen, Edgar},
	month = oct,
	year = {2016},
}
