
@misc{noauthor_live_nodate,
	title = {Live tables on housing supply: indicators of new supply},
	shorttitle = {Live tables on housing supply},
	url = {https://www.gov.uk/government/statistical-data-sets/live-tables-on-house-building},
	abstract = {The latest data tables on housing supply: indicators of new supply.},
	language = {en},
	urldate = {2021-04-12},
	journal = {GOV.UK},
}
