

@article{/content/data/63008438-en,
   author = "OECD",
   title = "Housing prices",
   year = "2019",
   url = "https://www.oecd-ilibrary.org/content/data/63008438-en",
   doi = "https://doi.org/https://doi.org/10.1787/63008438-en" 
}

