@Manual{NBR1465301,
  address={Rio de Janeiro},
  month={06},
  organization={Associação Brasileira de Normas Técnicas},
  org-short={ABNT},
  pages={19},
  subtitle={Avaliação de bens --- Parte 1: Procedimentos Gerais},
  title={{NBR} 14653-1},
  year={2019}
}
@Manual{NBR1465302,
	Address = {Rio de Janeiro},
	Month = {fev.},
	Org-Short = {ABNT},
	Organization = {Associação Brasileira de Normas Técnicas},
	Pages = {4},
	Subtitle = {Avaliação de Bens --- Parte 2: Imóveis Urbanos},
	Title = {{NBR} 14653-2},
	Year = {2011}
}
@phdthesis{realestate,
  author = {Natsvaladze, Marina and Beraia, Nino},
  year = {2018},
  month = {05},
  pages = {},
  title = {Real estate Economics},
  doi = {10.13140/RG.2.2.13631.41124}
}
@misc{ibge2,
	title = {Favelas resistem e propõem desafios para urbanização},
	url = {https://agenciadenoticias.ibge.gov.br/agencia-noticias/2012-agencia-de-noticias/noticias/20080-favelas-resistem-e-propoem-desafios-para-urbanizacao},
	abstract = {Favelas resistem e propõem desafios para urbanização {\textbar} Agência de Notícias - IBGE},
	language = {pt-br},
	urldate = {2020-06-05}
}