@inbook{rangel1985,
	address = {Rio de Janeiro},
	author = {Ignácio Rangel},
	booktitle = {Ignácio Rangel},
	booksubtitle = {Obras Reunidas},
	edition = {3},
	organization = {César Benjamin},
	pages = {125-128},
	publisher = {Contraponto},
	title = {Problemas da Reforma Agrária},
	volume = {2},
	year = {2012}
}
@inbook{questaoagraria,
  address = {Florianópolis},
  author = {Francisco José Pereira},
  organization = {SUDESUL},
  publisher = {Editora da UFSC},
  booktitle = {A {Q}uestão {A}grária e o {D}esenvolvimento {N}acional},
  pages = {11-15},
  title = {Algumas Questões em torno da Reforma Agrária},
  year = {1987},
}
@inbook{rangel1954,
	address = {Rio de Janeiro},
	author = {Ignácio Rangel},
	booktitle = {Ignácio Rangel},
	booksubtitle = {Obras Reunidas},
	edition = {3},
	organization = {César Benjamin},
	pages = {39-128},
	publisher = {Contraponto},
	title = {O desenvolvimento econômico no {B}rasil},
	volume = {1},
	year = {2012}
}
@inbook{rangel1955,
	address = {Rio de Janeiro},
	author = {Ignácio Rangel},
	booktitle = {Ignácio Rangel},
	booksubtitle = {Obras Reunidas},
	edition = {3},
	organization = {César Benjamin},
	pages = {129-202},
	publisher = {Contraponto},
	title = {Introdução ao Desenvolvimento Econômico},
	volume = {1},
	year = {2012}
}
@inbook{rangel1956,
	address = {Rio de Janeiro},
	author = {Ignácio Rangel},
	booktitle = {Ignácio Rangel},
	booksubtitle = {Obras Reunidas},
	edition = {3},
	organization = {César Benjamin},
	pages = {203-283},
	publisher = {Contraponto},
	title = {Desenvolvimento e {P}rojeto},
	volume = {1},
	year = {2012}
}
@inbook{rangel1960,
	address = {Rio de Janeiro},
	author = {Ignácio Rangel},
	booktitle = {Ignácio Rangel},
	booksubtitle = {Obras Reunidas},
	edition = {3},
	organization = {César Benjamin},
	pages = {205-207},
	publisher = {Contraponto},
	title = {Depoimento sobre a {Q}uestão {A}grária},
	volume = {2},
	year = {2012}
}
@inbook{rangel1961,
	address = {Rio de Janeiro},
	author = {Ignácio Rangel},
	booktitle = {Ignácio Rangel},
	booksubtitle = {Obras Reunidas},
	edition = {3},
	organization = {César Benjamin},
	pages = {218-220},
	publisher = {Contraponto},
	title = {Demografia e Democracia},
	volume = {2},
	year = {2012}
}
@inbook{rangel1962,
	address = {Rio de Janeiro},
	author = {Ignácio Rangel},
	booktitle = {Ignácio Rangel},
	booksubtitle = {Obras Reunidas},
	edition = {3},
	organization = {César Benjamin},
	pages = {23-80},
	publisher = {Contraponto},
	title = {A {Q}uestão {A}grária brasileira},
	volume = {2},
	year = {2012}
}
@inbook{rangel1986a,
	address = {Rio de Janeiro},
	author = {Ignácio Rangel},
	booktitle = {Ignácio Rangel},
	booksubtitle = {Obras Reunidas},
	edition = {3},
	organization = {César Benjamin},
	pages = {149-155},
	publisher = {Contraponto},
	title = {Crise Agrária e Metrópole},
	volume = {2},
	year = {2012}
}
@inbook{rangel1986b,
	address = {Rio de Janeiro},
	author = {Ignácio Rangel},
	booktitle = {Ignácio Rangel},
	booksubtitle = {Obras Reunidas},
	edition = {3},
	organization = {César Benjamin},
	pages = {129-140},
	publisher = {Contraponto},
	title = {A {Q}uestão {A}grária e o ciclo longo},
	volume = {2},
	year = {2012}
}
@inbook{rangel1986c,
	address = {Rio de Janeiro},
	author = {Ignácio Rangel},
	booktitle = {Ignácio Rangel},
	booksubtitle = {Obras Reunidas},
	edition = {3},
	organization = {César Benjamin},
	pages = {141-149},
	publisher = {Contraponto},
	title = {A {Q}uestão da {T}erra},
	volume = {2},
	year = {2012}
}
@inbook{rangel1988,
	address = {Rio de Janeiro},
	author = {Ignácio Rangel},
	booktitle = {Ignácio Rangel},
	booksubtitle = {Obras Reunidas},
	edition = {3},
	organization = {César Benjamin},
	pages = {155-157},
	publisher = {Contraponto},
	title = {Fim de linha},
	volume = {2},
	year = {2012}
}
@inbook{rangel1989,
  address = {Rio de Janeiro},
	author = {Ignácio Rangel},
	booktitle = {Ignácio Rangel},
	booksubtitle = {Obras Reunidas},
	edition = {3},
	organization = {César Benjamin},
	pages = {726-741},
	publisher = {Contraponto},
	title = {Feudalismo e {P}ropriedade {F}undiária},
	volume = {2},
	year = {2012},
	note = {Publicado em \textit{História e Ideal: ensaios sobre Caio Prado Jr.}, Maria Ângela D'Incao (org.), Editora da Unesp/Brasiliense, 1989}
}
@book{kuznets,
  author = {Simeon Kuznets},
  title = {Long term changes in the national income of the United State of America, since 1870},
  publisher = {Income \& Wealth},
  year = {1952}
}
@conference{lalan,
  title = "Establishment of Latin America Land Administration Network (LALAN)",
   author = "D. Todorovski and Rodolfo Salazar and Ginella Jacome and C.H.J. Lemmen",
  year = "2019",
  month = "4",
  day = "24",
  language = "English",
  pages = "1--8",
  note = "FIG Working Week 2019 : Geospatial Information for a Smarter Life and Environmental Resilience ; Conference date: 22-04-2019 Through 26-04-2019",
  url = "http://www.fig.net/fig2019/technical_program.htm",
}
@article{serapicos,
  author={Ana Serapicos},
  journal={Euronews},
  month={nov.},
  title={Crédito habitação com juros negativos são a nova tendência na Dinamarca},
  url={https://pt.euronews.com/2019/11/04/credito-habitacao-com-juros-negativos-sao-a-nova-tendencia-na-dinamarca},
  urlaccessdate={07 mar. 2020},
  year={2019} 
}
@article{berlim,
  author={Anthony Ling},
  journal={Caos Planejado},
  month={out.},
  url={https://caosplanejado.com/entenda-a-crise-habitacional-de-berlim/},
  urlaccesdate={09 mar. 2020},
  year={2019}
}
@article{londres,
  author={Sadiq Khan},
  journal={london.gov.uk},
  month={mai.},
  url={https://www.london.gov.uk/sites/default/files/2018_lhs_exec_summary_fa.pdf},
  urlaccesdate={09 mar. 2020},
  year={2018}
}
@article{california,
  author={Fernando Canzian},
  journal = {Folha de São Paulo},
  month={set.},
  url={https://www1.folha.uol.com.br/mundo/2019/09/apesar-de-rica-california-concentra-pobreza-e-ve-crise-de-habitacao-em-los-angeles.shtml},
  urlaccesdate={09 mar. 2020},
  year={2019}
}
@article{suecia,
  author={Lee Roden},
  journal={The Local},
  month={ago.},
  url={https://www.thelocal.se/20170828/the-story-of-swedens-housing-crisis},
  urlaccesdate={09 mar. 2020},
  year={2017}
}
@article{newzeland,
  author={LALAINE C. DELMENDO},
  journal={Global {P}roperty {G}uide},
  month={11 feb.},
  url={https://www.globalpropertyguide.com/Pacific/New-Zealand/Price-History},
  urlaccesdate={28 mar. 2020},
  year={2020}
}
@article{leal1999,
  address={Rio de Janeiro},
  author={L. N. Leal},
  journal={Jornal do Brasil},
  month={25 abr.},
  pages={3},
  title={{MP} fiscaliza com autonomia total},
  year={1999}
}
@article{doi:10.1177/0959683609356587,
  author = {Kees Klein Goldewijk and Arthur Beusen and Peter Janssen},
  title ={Long-term dynamic modeling of global population and built-up area in a spatially explicit way: HYDE 3.1},
  journal = {The Holocene},
  volume = {20},
  number = {4},
  pages = {565-573},
  year = {2010},
  doi = {10.1177/0959683609356587},
  URL = {https://doi.org/10.1177/0959683609356587},
  eprint = {https://doi.org/10.1177/0959683609356587}
}
@inbook{amoroso,
  author = {Alceu Amoroso Lima},
  title = {Política e letras},
  booktitle = {À margem da História da República},
  booksubtitle = {Inquérito por escritores da geração nascida com a República},
  edition = {2},
  volume = {2},
  publisher = {Câmara dos Deputados/Editora Universidade de Brasília},
  organization = {Vicente Licínio Cardoso},
  year = {1981}
}
@article{ritchie_urbanization_2018,
	title = {Urbanization},
	url = {https://ourworldindata.org/urbanization},
	abstract = {The world population is moving to cities. Why is urbanization happening and what are the consequences?},
	urldate = {2020-06-06},
	journal = {Our World in Data},
	author = {Ritchie, Hannah and Roser, Max},
	month = jun,
	year = {2018}
}
@article{silva,
  title = {Aglomerados subnormais},
  subtitle = {Definição, Limitações e Críticas},
  author = {Roberto Antero Silva},
  journal = {{GeoUECE}},
  month = {dez.},
  ISSN = {2317-028X},
  note = {Número especial},
  year = {2014}
}