@preamble{"\DeclareRobustCommand{\firstsecond}[2]{#2}"}
@suppcollection{zizek,
  title = {Introdução},
  author = {Slavoj Zizek},
  pages = {337},
  booktitle = {Um mapa da ideologia},
  editor = {Slavoj Zizek},
  editortype = {Org.},
  translator={Vera Ribeiro},
  edition = {4},
  maintitle = {O espectro da Ideologia},
  publisher = {Contraponto Editora Ltda.},
  location = {Rio de Janeiro},
  year = {1996}
}
@book{zizek2011,
  title = {Em defesa das causas perdidas},
  author = {Slavoj Zizek},
  translator={Maria Beatriz Medina},
  pages = {477},
  publisher = {Boitempo Editorial},
  edition = 1,
  address = {São Paulo},
  ISBN = {978-85-7559-163-5},
  year = {2011}
}
@article{fukuyama,
 ISSN = {08849382, 19381573},
 URL = {http://www.jstor.org/stable/24027184},
 author = {Francis Fukuyama},
 journal = {The National Interest},
 number = {16},
 pages = {3--18},
 publisher = {Center for the National Interest},
 title = {The End of History?},
 year = {1989}
}
@misc{menand_francis_nodate,
	title = {Francis {Fukuyama} {Postpones} the {End} of {History}},
	url = {https://www.newyorker.com/magazine/2018/09/03/francis-fukuyama-postpones-the-end-of-history},
	abstract = {The political scientist argues that the desire of identity groups for recognition is a key threat to liberalism.},
	language = {en-us},
	urldate = {2020-09-08},
	journal = {The New Yorker},
	author = {Menand, Louis},
	month = {8},
	year = {2018}
}
@techreport{regulation,
 URL = {http://www.jstor.org/stable/resrep18482.3},
 author = {Lingxiao Li and Stephen Malpezzi},
 institution = {Lincoln Institute of Land Policy},
 pages = {87},
 title = {Housing Supply and Regulation in 35 Chinese Cities},
 year = {2015}
}
@inproceedings{Malpezzi2002TheRO,
  title={The Role of Speculation in Real Estate Cycles},
  author={S. Malpezzi and S. Wachter},
  year={2002}
}
@article{wheaton1999,
  author = {Wheaton, William C.},
  title = {Real Estate ``Cycles'':Some Fundamentals},
  journal = {Real Estate Economics},
  volume = {27},
  number = {2},
  pages = {209-230},
  doi = {10.1111/1540-6229.00772},
  url = {https://onlinelibrary.wiley.com/doi/abs/10.1111/1540-6229.00772},
  eprint = {https://onlinelibrary.wiley.com/doi/pdf/10.1111/1540-6229.00772},
  year = {1999}
}
@article{FAN201937,
	title = "Understanding real estate price dynamics: The case of housing prices in five major cities of China",
	journal = "Journal of Housing Economics",
	volume = "43",
	pages = "37 - 55",
	year = "2019",
	issn = "1051-1377",
	doi = "https://doi.org/10.1016/j.jhe.2018.09.003",
	url = "http://www.sciencedirect.com/science/article/pii/S1051137718300780",
	author = "Ying Fan and Zan Yang and Abdullah Yavas",
	keywords = "Housing prices, Wavelet analysis, Trend and cycle, Co-movement",
}
@article{ADAMS2010,
  title = {Macroeconomic determinants of international housing markets},
  journal = {Journal of Housing Economics},
  volume = {19},
  number = {1},
  pages = {38 - 50},
  year = {2010},
  issn = {1051-1377},
  doi = {https://doi.org/10.1016/j.jhe.2009.10.005},
  url = {http://www.sciencedirect.com/science/article/pii/S1051137709000552},
  author = {Zeno Adams and Roland Füss}
}
@INCOLLECTION{Zhu,
  title = {The importance of property markets for monetary policy and financial stability},
  author = {Zhu, Haibin},
  year = {2005},
  pages = {9-29},
  booktitle = {Real estate indicators and financial stability},
  editor = {Settlements, Bank for International},
  volume = {21},
  publisher = {Bank for International Settlements},
  url = {https://EconPapers.repec.org/RePEc:bis:bisbpc:21-03}
}
@article{LEUNG,
  title = "Macroeconomics and housing: a review of the literature",
  journal = "Journal of Housing Economics",
  volume = "13",
  number = "4",
  pages = "249 - 267",
  year = "2004",
  note = "Housing and the Macroeconomy: The Nexus",
  issn = "1051-1377",
  doi = "https://doi.org/10.1016/j.jhe.2004.09.002",
  url = "http://www.sciencedirect.com/science/article/pii/S1051137704000397",
  author = "Charles Leung"
}
@article{Case2000,
 ISSN = {00072303, 15334465},
 URL = {http://www.jstor.org/stable/2667357},
 author = {Karl E. Case and Edward L. Glaeser and Jonathan A. Parker},
 journal = {Brookings Papers on Economic Activity},
 number = {2},
 pages = {119--162},
 publisher = {Brookings Institution Press},
 title = {Real Estate and the Macroeconomy},
 volume = {2000},
 year = {2000}
}
@article{rocha,
  title = {O estranho e peculiar mundo das incorporadoras},
  author = {André Rocha},
  year = {2017},
  url = {http://www.estrategista.net/o-estranho-e-peculiar-mundo-das-incorporadoras/},
}
@book{varian,
  author = {Hal R. Varian},
  address = {Rio de Janeiro},
  title = {Microeconomia},
  subtitle = {Princípios Básicos},
  publisher = {Elsevier},
  edition = {7},
  year = {2006}
}
@article{barbosa,
  author = {FRANCISCO RONALD ARAÚJO BARBOSA},
  title = {Estudo sobre o mercado imobiliário brasileiro},
  subtitle = {uma visão detalhada sobre as imobiliárias e construtoras do estado do Ceará},
  journal = {Universidade {F}ederal do {C}eará},
  year = {2016},
}
@article{krugman,
  author = {Paul Krugman},
  title = {Notes on easy money and inequality},
  journal = {New {Y}ork {T}imes},
  url = {https://tinyurl.com/y79qn468},
  year = {2014}
}
@online{QuandlWIKI,
  author = {Quandl},
  title = {{WIKI} Various End-Of-Day Data},
  year = 2020,
  url = {https://www.quandl.com/data/WIKI},
  urldate = {2020-03-10}
}
@article{pereira, 
  address = {São Paulo},
  author = {José Maria Dias Pereira},
  journal = {Revista de Economia Política},
  title = {O centenário de Ignácio Rangel},
  volume = {34},
  url = {doi:10.1590/S0101-31572014000400003},
  urlaccessdate = {27 mai. 2017},
  year = {2014}
}
@article{Bresser-Pereira1973,
  address = {São Paulo},
  author = {Luiz Carlos Bresser-Pereira},
  pages = {9},
  title = {{A função investimento  e a eficiência marginal do capital}},
  url = {http://www.bresserpereira.org.br/works/casos/73.Fun{\c{c}}{\~{a}}oInvestimento{\_}EficienciaMarginalDoCapital.pdf},
  urlaccessdate = {28 mai. 2017},
  year = {1973}
}
@article{bresser2018,
  author = {Luiz Carlos Bresser Pereira},
  journal = {Revista Brasileira de Ciências Sociais},
  volume = {33},
  number = {96},
  title = {Afinal, a estagnação secular do capitalismo?},
  year = {2018}
}
@book{rossetti,
  Address = {São Paulo},
  Author = {José Paschoal Rossetti},
  Edition = {20},
  Publisher = {Atlas},
  Title = {Introdução à Economia},
  Year = {2014}
}
@book{singer,
	Address = {São Paulo},
	Author = {Paul Singer},
	Date-Added = {2013-08-21 13:56:10 +0000},
	Date-Modified = {2013-08-21 13:56:10 +0000},
	Edition = {6},
	Organization = {https://www.passeidireto.com/arquivo/19292334/o-que-e-economia---paul-singer},
	Publisher = {Contexto},
	Title = {O que é economia},
	Urlaccessdate = {12 abr 2017},
	Year = {2005}
}
@book{fnogueira,
  address = {São Paulo},
  title = {Métodos de análise econômica},
  author = {Fernando Nogueira da Costa},
  publisher = {Contexto},
  pages = {288},
  year = {2018}
}
@book{krugman2009,
  address = {New York},
  author = {Paul Krugman},
  title = {The return of depression economics and the crisis of 2008},
  publisher = {Norton},
  year = {2009}
}
@book{marins1,
  address = {Rio de Janeiro},
  author = {André Cabral Marins},
  title = {Mercado de Derivativos e Análise de Risco},
  volume = {1},
  publisher = {AMS},
  year = {2009}
}
@book{marins2,
  address = {Rio de Janeiro},
  author = {André Cabral Marins},
  title = {Mercado de Derivativos e Análise de Risco},
  volume = {2},
  publisher = {AMS},
  year = {2009}
}
@article{krugman2020,
  address={New York},
  author={Paul Krugman},
  journal={New York Times},
  month={07 mar.},
  note={Opinion},
  title={The Case for Permanent Stimulus (Wonkish)},
  url = {https://www.nytimes.com/2020/03/07/opinion/the-case-for-permanent-stimulus-wonkish.html},
  urlaccessdate = {27 mar. 2020},
  year={2020}
}
@article{gpg,
  title = {Rental Yields: Why are they important},
  jounarl = {Global Property Guide},
  url = {https://www.globalpropertyguide.com/rental-yields},
  urlaccessdate = {9 mai. 2020}
}
@techreport{NBERw2506,
 title = "The Efficiency of the Market for Single-Family Homes",
 author = "Case, Karl E. and Shiller, Robert J.",
 institution = "National Bureau of Economic Research",
 type = "Working Paper",
 series = "Working Paper Series",
 number = "2506",
 year = "1988",
 month = "February",
 doi = {10.3386/w2506},
 URL = "http://www.nber.org/papers/w2506",
}
@article{economist-housing-2020,
	title = {Housing is at the root of many of the rich world’s problems},
	issn = {0013-0613},
	url = {https://www.economist.com/special-report/2020/01/16/housing-is-at-the-root-of-many-of-the-rich-worlds-problems},
	urldate = {2020-06-14},
	journal = {The Economist},
	month = jan,
	year = {2020}
}
@article{shelter,
 ISSN = {02573032, 15646971},
 URL = {http://www.jstor.org/stable/3986514},
 author = {Stephen K. Mayo and Stephen Malpezzi and David J. Gross},
 journal = {The World Bank Research Observer},
 number = {2},
 pages = {183--203},
 publisher = {Oxford University Press},
 title = {Shelter Strategies for the Urban Poor in Developing Countries},
 volume = {1},
 year = {1986}
}
@incollection{macroHousing,
  address = {Dallas, US.},
  author = {Charles Ka Yui Leung and Joe Cho Yiu Ng},
  title = {Macro Aspects of Housing},
  organization = {Federal Reserve Bank of Dallas},
  pages = {73},
  doi = {10.24149/gwp340},
  month = {5},
  year = {2018}
}
@article{goodhart2008,
 ISSN = {0266903X, 14602121},
 URL = {http://www.jstor.org/stable/23606731},
 author = {Charles Goodhart and Boris Hofmann},
 journal = {Oxford Review of Economic Policy},
 number = {1},
 pages = {180--205},
 publisher = {Oxford University Press},
 title = {House prices, money, credit, and the macroeconomy},
 volume = {24},
 year = {2008}
}