@preamble{"\DeclareRobustCommand{\firstsecond}[2]{#2}"}
@article{ADAMS2010,
  title = {Macroeconomic determinants of international housing markets},
  journal = {Journal of Housing Economics},
  volume = {19},
  number = {1},
  pages = {38 - 50},
  year = {2010},
  issn = {1051-1377},
  doi = {https://doi.org/10.1016/j.jhe.2009.10.005},
  url = {http://www.sciencedirect.com/science/article/pii/S1051137709000552},
  author = {Zeno Adams and Roland Füss}
}
@book{diPasquale,
  author = {DiPasquale, D. and Wheaton, W. C.},
  title = {Urban Economics and Real Estate Markets},
  address = {New York},
  publisher = {Prentice Hall},
  year = {1996}
}
@article{Case2000,
 ISSN = {00072303, 15334465},
 URL = {http://www.jstor.org/stable/2667357},
 author = {Karl E. Case and Edward L. Glaeser and Jonathan A. Parker},
 journal = {Brookings Papers on Economic Activity},
 number = {2},
 pages = {119--162},
 publisher = {Brookings Institution Press},
 title = {Real Estate and the Macroeconomy},
 volume = {2000},
 year = {2000}
}
@book{fnogueira,
  address = {São Paulo},
  title = {Métodos de análise econômica},
  author = {Fernando Nogueira da Costa},
  publisher = {Contexto},
  pages = {288},
  year = {2018}
}
@article{FAN201937,
	title = "Understanding real estate price dynamics: The case of housing prices in five major cities of China",
	journal = "Journal of Housing Economics",
	volume = "43",
	pages = "37 - 55",
	year = "2019",
	issn = "1051-1377",
	doi = "https://doi.org/10.1016/j.jhe.2018.09.003",
	url = "http://www.sciencedirect.com/science/article/pii/S1051137718300780",
	author = "Ying Fan and Zan Yang and Abdullah Yavas",
	keywords = "Housing prices, Wavelet analysis, Trend and cycle, Co-movement",
}
@article{fukuyama,
 ISSN = {08849382, 19381573},
 URL = {http://www.jstor.org/stable/24027184},
 author = {Francis Fukuyama},
 journal = {The National Interest},
 number = {16},
 pages = {3--18},
 publisher = {Center for the National Interest},
 title = {The End of History?},
 year = {1989}
}
@article{economist,
  title = {Global house-price index},
  journal = {The {E}conomist},
  url = {https://www.economist.com/graphic-detail/2019/06/27/global-house-price-index},
  urlaccessdate = {04 mai. 2020},
  month = {27 jun.},
  year = {2019}
}
@article{goodhart2008,
 ISSN = {0266903X, 14602121},
 URL = {http://www.jstor.org/stable/23606731},
 author = {Charles Goodhart and Boris Hofmann},
 journal = {Oxford Review of Economic Policy},
 number = {1},
 pages = {180--205},
 publisher = {Oxford University Press},
 title = {House prices, money, credit, and the macroeconomy},
 volume = {24},
 year = {2008}
}
@article{supplyelasticity,
 ISSN = {00028282},
 URL = {http://www.jstor.org/stable/4132843},
 author = {Richard K. Green and Stephen Malpezzi and Stephen K. Mayo},
 journal = {The American Economic Review},
 number = {2},
 pages = {334--339},
 publisher = {American Economic Association},
 title = {Metropolitan-Specific Estimates of the Price Elasticity of Supply of Housing, and Their Sources},
 volume = {95},
 year = {2005}
}
@incollection{gyourku,
	title = "Chapter 19 - Regulation and Housing Supply",
	editor = "Gilles Duranton and J. Vernon Henderson and William C. Strange",
	series = "Handbook of Regional and Urban Economics",
	publisher = "Elsevier",
	volume = "5",
	pages = "1289 - 1337",
	year = "2015",
	booktitle = "Handbook of Regional and Urban Economics",
	issn = "1574-0080",
	doi = "https://doi.org/10.1016/B978-0-444-59531-7.00019-3",
	url = "http://www.sciencedirect.com/science/article/pii/B9780444595317000193",
	author = "Joseph Gyourko and Raven Molloy",
}
@article{krugman,
  author = {Paul Krugman},
  title = {Notes on easy money and inequality},
  journal = {New {Y}ork {T}imes},
  url = {https://tinyurl.com/y79qn468},
  year = {2014}
}
@article{LEUNG,
  title = "Macroeconomics and housing: a review of the literature",
  journal = "Journal of Housing Economics",
  volume = "13",
  number = "4",
  pages = "249-267",
  year = "2004",
  note = "Housing and the Macroeconomy: The Nexus",
  issn = "1051-1377",
  doi = "https://doi.org/10.1016/j.jhe.2004.09.002",
  url = "http://www.sciencedirect.com/science/article/pii/S1051137704000397",
  author = "Charles Leung"
}
@incollection{macroHousing,
  address = {Dallas, US.},
  author = {Charles Ka Yui Leung and Joe Cho Yiu Ng},
  title = {Macro Aspects of Housing},
  organization = {Federal Reserve Bank of Dallas},
  pages = {73},
  doi = {10.24149/gwp340},
  month = {5},
  year = {2018}
}
@techreport{regulation,
 URL = {https://www.lincolninst.edu/pt-br/publications/working-papers/housing-supply-regulation-35-chinese-cities},
 author = {Lingxiao Li and Stephen Malpezzi},
 institution = {Lincoln Institute of Land Policy},
 pages = {87},
 title = {Housing Supply and Regulation in 35 Chinese Cities},
 year = {2015}
}
@article{Malpezzi2002TheRO,
  title={The Role of Speculation in Real Estate Cycles},
  author={Stephen Malpezzi and Susan M. Wachter},
  url = {https://ssrn.com/abstract=2585241},
  doi = {https://dx.doi.org/10.2139/ssrn.2585241},
  month = {18 jun.},
  year={2002}
}
@article{malpezziCapitalFlows,
  type = {Blog},
  title = {Housing, interest rates and capital flows: impacts and interrelationships},
	subtitle = {Who ever said it was easy?},
	url = {https://realestate.business.rutgers.edu/news/who-said-it-was-easy},
	urdate = {2020-09-25},
	journal = {Blog RE},
	author = {Malpezzi, Stephen},
	publisher = {{Rutgers} {Center} for {Real} {Estate}},
	month = {8 jun.},
	year = {2017},
	note = {publisher: Rutgers Business School}
}
@misc{malpezzi_2017,
	type = {Blog},
	title = {Is the {American} {Dream} affordable?},
	url = {https://realestate.business.rutgers.edu/news/american-dream-affordable},
	urldate = {2020-09-21},
	journal = {Blog RE},
	author = {Malpezzi, Stephen},
	publisher = {{Rutgers} {Center} for {Real} {Estate}},
	month = {13 abr.},
	year = {2017},
	note = {publisher: Rutgers Business School}
}
@article{malpezziAftermath,
	title ={Residential Real Estate in the U.S. Financial Crisis, the Great Recession, and their Aftermath},
	author ={Stephen Malpezzi},
	journal ={Taiwan Economic Review},
	volume ={45},
	number ={1},
	year ={2017},
	month ={Mar},
	pages ={5-56},
	ISSN ={1018-3833},
	DOI ={10.6277/TER.2017.451.1},
}
@article{malaysia,
 ISSN = {00237639},
 author = {Stephen Malpezzi and Stephen K. Mayo},
 URL = {http://www.jstor.org/stable/3147174},
 journal = {Land Economics},
 number = {3},
 pages = {372--391},
 publisher = {[Board of Regents of the University of Wisconsin System, University of Wisconsin Press]},
 title = {Getting Housing Incentives Right: A Case Study of the Effects of Regulation, Taxes, and Subsidies on Housing Supply in Malaysia},
 volume = {73},
 year = {1997}
}
@article{longrunsupplyelasticity,
  author = {Sthepen Malpezzi and Duncan Maclennan},
  title = {The Long-Run Price Elasticity of Supply of New Residential  Construction in the {U}nited {S}tates and the {U}nited {K}ingdom},
  journal = {Journal of Housing Economics},
  volume = {10},
  pages = {278-306},
  doi = {10.1006/jhec.2001.0288},
  url = {http://www.idealibrary.com},
  year = {2001}
}
@book{marins1,
  address = {Rio de Janeiro},
  author = {André Cabral Marins},
  title = {Mercado de Derivativos e Análise de Risco},
  volume = {1},
  publisher = {AMS},
  year = {2009}
}
@book{marins2,
  address = {Rio de Janeiro},
  author = {André Cabral Marins},
  title = {Mercado de Derivativos e Análise de Risco},
  volume = {2},
  publisher = {AMS},
  year = {2009}
}
@article{shelter,
 ISSN = {02573032, 15646971},
 URL = {http://www.jstor.org/stable/3986514},
 author = {Stephen K. Mayo and Stephen Malpezzi and David J. Gross},
 journal = {The World Bank Research Observer},
 number = {2},
 pages = {183--203},
 publisher = {Oxford University Press},
 title = {Shelter Strategies for the Urban Poor in Developing Countries},
 volume = {1},
 year = {1986}
}
@misc{menand_francis_nodate,
	title = {Francis {Fukuyama} {Postpones} the {End} of {History}},
	url = {https://www.newyorker.com/magazine/2018/09/03/francis-fukuyama-postpones-the-end-of-history},
	abstract = {The political scientist argues that the desire of identity groups for recognition is a key threat to liberalism.},
	language = {en-us},
	urldate = {2020-09-08},
	journal = {The New Yorker},
	author = {Menand, Louis},
	month = {8},
	year = {2018}
}
@article{gpg,
  title = {Rental Yields: Why are they important},
  jounarl = {Global Property Guide},
  url = {https://www.globalpropertyguide.com/rental-yields},
  urlaccessdate = {9 mai. 2020}
}
@book{resende,
  address = {São Paulo},
  author = {André Lara Resende},
  title = {Juros, Moeda e Ortodoxia},
  subtitle = {Teorias monetárias e controvérsias políticas},
  publisher = {Portfolio Penguin},
  edition = {1},
  year = {2017}
}
@book{rossetti,
  Address = {São Paulo},
  Author = {José Paschoal Rossetti},
  Edition = {20},
  Publisher = {Atlas},
  Title = {Introdução à Economia},
  Year = {2014}
}
@article{silver,
  author = {Mick Silver},
  title = {Why House Price Indexes Differ: Measurement and Analysis},
  pages = {38},
  number = {12},
  month = {1 mai.},
  year = {2012}
}
@book{singer,
	Address = {São Paulo},
	Author = {Paul Singer},
	Date-Added = {2013-08-21 13:56:10 +0000},
	Date-Modified = {2013-08-21 13:56:10 +0000},
	Edition = {6},
	Organization = {https://www.passeidireto.com/arquivo/19292334/o-que-e-economia---paul-singer},
	Publisher = {Contexto},
	Title = {O que é economia},
	Urlaccessdate = {12 abr 2017},
	Year = {2005}
}
@book{varian,
  author = {Hal R. Varian},
  address = {Rio de Janeiro},
  title = {Microeconomia},
  subtitle = {Princípios Básicos},
  translator={Maria José Cyhlar Monteiro and Ricardo Doninelli},
  publisher = {Elsevier},
  edition = {7},
  year = {2006}
}
@article{wheaton1999,
  author = {Wheaton, William C.},
  title = {Real Estate ``Cycles'':Some Fundamentals},
  journal = {Real Estate Economics},
  volume = {27},
  number = {2},
  pages = {209-230},
  doi = {10.1111/1540-6229.00772},
  url = {https://onlinelibrary.wiley.com/doi/abs/10.1111/1540-6229.00772},
  eprint = {https://onlinelibrary.wiley.com/doi/pdf/10.1111/1540-6229.00772},
  year = {1999}
}
@INCOLLECTION{Zhu,
  title = {The importance of property markets for monetary policy and financial stability},
  author = {Zhu, Haibin},
  year = {2005},
  pages = {9-29},
  booktitle = {Real estate indicators and financial stability},
  editor = {Settlements, Bank for International},
  volume = {21},
  publisher = {Bank for International Settlements},
  url = {https://EconPapers.repec.org/RePEc:bis:bisbpc:21-03}
}
@article{fmiera,
  author = {Min Zhu},
  title = {Era of Benign Neglect of House Price Booms is Over},
  journal = {{IMFBlog}},
  url = {https://blogs.imf.org/2014/06/11/era-of-benign-neglect-of-house-price-booms-is-over/},
  urlaccessdate = {28 mar. 2020},
  month = {11 jun.},
  year = {2014}
}
@suppcollection{zizek,
  title = {Introdução},
  author = {Slavoj Zizek},
  pages = {337},
  booktitle = {Um mapa da ideologia},
  editor = {Slavoj Zizek},
  editortype = {Org.},
  translator={Vera Ribeiro},
  edition = {4},
  maintitle = {O espectro da Ideologia},
  publisher = {Contraponto Editora Ltda.},
  location = {Rio de Janeiro},
  year = {1996}
}
@book{zizek2011,
  title = {Em defesa das causas perdidas},
  author = {Slavoj Zizek},
  translator={Maria Beatriz Medina},
  pages = {477},
  publisher = {Boitempo Editorial},
  edition = 1,
  address = {São Paulo},
  ISBN = {978-85-7559-163-5},
  year = {2011}
}






%not cited yet
@article{rocha,
  title = {O estranho e peculiar mundo das incorporadoras},
  author = {André Rocha},
  year = {2017},
  url = {http://www.estrategista.net/o-estranho-e-peculiar-mundo-das-incorporadoras/},
}
@article{barbosa,
  author = {FRANCISCO RONALD ARAÚJO BARBOSA},
  title = {Estudo sobre o mercado imobiliário brasileiro},
  subtitle = {uma visão detalhada sobre as imobiliárias e construtoras do estado do Ceará},
  journal = {Universidade {F}ederal do {C}eará},
  year = {2016},
}
@article{pereira, 
  address = {São Paulo},
  author = {José Maria Dias Pereira},
  journal = {Revista de Economia Política},
  title = {O centenário de Ignácio Rangel},
  volume = {34},
  url = {doi:10.1590/S0101-31572014000400003},
  urlaccessdate = {27 mai. 2017},
  year = {2014}
}
@article{Bresser-Pereira1973,
  address = {São Paulo},
  author = {Luiz Carlos Bresser-Pereira},
  pages = {9},
  title = {{A função investimento  e a eficiência marginal do capital}},
  url = {http://www.bresserpereira.org.br/works/casos/73.Fun{\c{c}}{\~{a}}oInvestimento{\_}EficienciaMarginalDoCapital.pdf},
  urldate = {2017-05-28},
  year = {1973}
}

@book{krugman2009,
  address = {New York},
  author = {Paul Krugman},
  title = {The return of depression economics and the crisis of 2008},
  publisher = {Norton},
  year = {2009}
}
@book{blanchard,
  address = {São Paulo},
  author = {Olivier Blanchard},
  title = {Macroeconomia},
  publisher = {Pearson Prentice Hall},
  edition = {4},
  translator={Cláudia Martins and Mônica Rosemberg},
  year = {2007}
}
@Manual{R,
  title = {R: A Language and Environment for Statistical Computing},
  author = {{R Core Team}},
  organization = {R Foundation for Statistical Computing},
  address = {Vienna, Austria},
  year = {2020},
  url = {https://www.R-project.org/},
}

@article{resendeFSP,
  address = {São Paulo},
	title = {Crise exige superar equívocos sobre emissão de moeda e dívida pública},
	author = {Resende, André Lara},
	month = {16 mai.},
	year = {2020},
  journal = {Folha de São Paulo},
  note={Ilustríssima},
  url = {https://www1.folha.uol.com.br/amp/ilustrissima/2020/05/crise-exige-superar-equivocos-sobre-emissao-de-moeda-e-divida-publica-diz-andre-lara.shtml},
	urldate = {2020-10-01}
}
@Manual{NBR1465302,
	Address = {Rio de Janeiro},
	Author = {ABNT},
	Month = {fev.},
	Org-Short = {ABNT},
	Organization = {Associação Brasileira de Normas Técnicas},
	Pages = {51},
	Subtitle = {Avaliação de Bens -- Parte 2: Imóveis Urbanos},
	Title = {{NBR} 14653-2},
	Year = {2011}
}
@Manual{NBR1465301,
	Address = {Rio de Janeiro},
	Author = {ABNT},
	Month = {fev.},
	Org-Short = {ABNT},
	Organization = {Associação Brasileira de Normas Técnicas},
	Pages = {19},
	Subtitle = {Avaliação de Bens -- Parte 1: Procedimentos Gerais},
	Title = {{NBR} 14653-1},
	Year = {2019}
}