@misc{copulas,
  author = {Martin Haugh},
  title = {An Introduction to Copulas},
  month = {Spring},
  year = {2016},
  publisher={Columbia University}
}