@inbook{fligstein,
  author = {Fligstein, Neil and Goldstein, A.},
  year = {2011},
  month = {01},
  pages = {21-55},
  title = {The roots of the great recession},
  journal = {The Great Recession}
}
@article{mccoy,
  author = {McCoy, Patricia Ann and Pavlov, Andrey D. and Wachter, Susan M.},
  title = {Systemic Risk Through Securitization: The Result of Deregulation and Regulatory Failure},
  journal = {Connecticut Law Review},
  volume = {41},
  pages = {493--541},
  url = {https://ssrn.com/abstract=1367973},
  year = {2009}
}
@article{ghent,
  author = {Ghent, Andra C. and Kudlyak, Marianna},
  title = {Recourse and Residential Mortgage Default: Evidence from U.S. States},
  journal = {Review of Financial Studies, Federal Reserve Bank of Richmond Working Paper No. 09-10R},
  url = {https://ssrn.com/abstract=1432437},
  doi = {http://dx.doi.org/10.2139/ssrn.1432437},
  year = {2011}
}
@article{green,
  author = {Green, Richard K. and Wachter, Susan M.},
  title = {The Housing Finance Revolution},
  journal = {U of Penn, Inst for Law \& Econ Research Paper No. 09-37},
  url = {https://ssrn.com/abstract=1491688},
  doi = {http://dx.doi.org/10.2139/ssrn.1491688},
  year = {2007}
}
@article{levitin2012, 
  author = {Adam J. Levitin and Susan M. Wachter},
  title = {Explaining the Housing Bubble},
  journal = {Georgetown Law Journal},
  pages = {1177-1258},
  volume = {100},
  url = {https://ssrn.com/abstract=1669401},
  doi = {http://dx.doi.org/10.2139/ssrn.1669401},
  year = {2012}
}
@article{levitin2013,
  author = {Adam J. Levitin and Susan M. Wachter},
  title = {The Commercial Real Estate Bubble},
  journal = {Harvard Business Law Review},
  pages = {83-118},
  volume = {3},
  url = {https://ssrn.com/abstract=1978264},
  doi = {https://dx.doi.org/10.2139/ssrn.1978264},
  year = {2013}
}
@article{levitin2009,
  author = {Levitin, Adam J. and Pavlov, Andrey D. and Wachter, Susan M.},
  title = {Securitization: Cause or Remedy of the Financial Crisis?},
  journal = {Georgetown Law and Economics Research Paper No. 1462895},
  url = {https://ssrn.com/abstract=1462895},
  doi = {http://dx.doi.org/10.2139/ssrn.1462895},
  year = {2009}
}
@article{simkovic,
  author = {Michael Simkovic},
  title = {Competition and Crisis in Mortgage Securitization},
  journal = {Indiana Law Journal},
  volume = {88},  
  issue = {1},
  url = {https://www.repository.law.indiana.edu/ilj/vol88/iss1/4},
  year = {2013}
}
@book{shiller,
  address = {New Jersey},
  author = {Robert J. Shiller},
  title = {Irrational Exuberance},
  edition = 2,
  publisher = {Princeton University Press},
  pages = 304,
  year = 2005
}
@misc{copulas,
  author = {Martin Haugh},
  title = {An Introduction to Copulas},
  month = {Spring},
  year = {2016},
  publisher={Columbia University}
}
@article{devil,
	title={The Devil is in the Tails: Actuarial Mathematics and the Subprime Mortgage Crisis},
	volume={40},
	DOI={10.2143/AST.40.1.2049222},
	number={1},
	journal={ASTIN Bulletin},
	publisher={Cambridge University Press},
	author={Donnelly, Catherine and Embrechts, Paul},
	year={2010},
	pages={1–33}
}
@article{formula,
 ISSN = {03063127},
 URL = {http://www.jstor.org/stable/43284238},
 author = {Donald MacKenzie and Taylor Spears},
 journal = {Social Studies of Science},
 number = {3},
 pages = {393--417},
 publisher = {Sage Publications, Ltd.},
 title = {'The formula that killed Wall Street': The Gaussian copula and modelling practices in investment banking},
 volume = {44},
 year = {2014}
}
@inproceedings{watts,
  author = {Samuel Watts},
  title = {The Gaussian Copula and the Financial Crisis},
  subtitle = {A recipe for Disaster or Cooking the Books?},
  publisher = {University of Oxford},
  month = {Jun.},
  year = {2016}
}
@article{Li,
  author = {David X. Li},
  title = {On default correlation},
  subtitle = {A copula function approach},
  journal = {Social Science Research Network Working Paper Series},
  month = {Dez.},
  year = {1999}
}
@misc{roberts2020,
	title = {A world rate of profit: a new approach},
	author = {Michael Roberts},
	shorttitle = {A world rate of profit},
	url = {https://thenextrecession.wordpress.com/2020/07/25/a-world-rate-of-profit-a-new-approach/},
	language = {en},
	urldate = {2020-09-11},
	journal = {Michael Roberts Blog},
	month = jul,
	year = {2020}
}
@inbook{crisis,
  author = {Esteban Ezequiel Maito},
  pages = {140-167},
  booktitle = {World in Crisis: A global analysis of Marx's Law of Profitability},
  editor = {Guglielmo Carchedi and Michael Roberts},
  editortype = {Org.},
  edition = {1},
  title = {The Tendency of the rate of Profit to fall since the nineteenth century and a World rate of Profit},
  publisher = {Haymarket Books},
  location = {Chicago, Illinois},
  year = {2018}
}
@article{estonia,
	title = "Capital flows and the boom–bust cycle: The case of Estonia",
	journal = "Economic Systems",
	volume = "34",
	number = "1",
	pages = "55 - 72",
	year = "2010",
	note = "FUTURE OF CAPITALISM: IS IT FAILING?",
	issn = "0939-3625",
	doi = "https://doi.org/10.1016/j.ecosys.2009.11.002",
	url = "http://www.sciencedirect.com/science/article/pii/S0939362509000697",
	author = "Zuzana Brixiova and Laura Vartia and Andreas Wörgötter",
}