@article{decesare2020,
  author = {Claudia M. {De  Cesare} and Cintia Estafania Fernandes and Gelson Santos Oliveira and Pedro Humberto B. {Carvalho Junior}},
  title = {IPTU e a PEC 110/2019 (Reforma Tributária)},
  subtitle = {teoria, prática, insensatez e retrocesso},
  address = {Porto Alegre, RS},
  journal = {Revista da ESDM},
  volume = {6},
  number = {11},
  year = {2020}
}
@article{fischel1989,
 ISSN = {00280283, 19447477},
 URL = {http://www.jstor.org/stable/41788814},
 author = {William A. Fischel},
 journal = {National Tax Journal},
 number = {4},
 pages = {465--473},
 publisher = {National Tax Association},
 title = {DID "SERRANO" CAUSE PROPOSITION 13?},
 volume = {42},
 year = {1989}
}
@article{fischel2013,
  title = {Fiscal Zoning and Economists' Views of the Property Tax},
  author = {William A. Fischel},
  url = {https://ssrn.com/abstract=2281955},
  doi = {https://dx.doi.org/10.2139/ssrn.2281955},
  month = {19 jun.},
  year = {2013}
  
}
@thesis{spinney,
  author = {Jamie Edwin Lee Spinney},
  title = {Geography, Land Values and Municipal Taxation},
  subtitle = {A Spatial Paradigm for the estimation and reclamation of rent},
  pages = {132},
  school = {School of Graduate Studies},
  type = {Doctor of Philosophy},
  address = {Hamilton, Ontario},
  month = {out.},
  year = 2010
}
@misc{planhab,
  address = {Brasília, DF},
  title = {Plano Nacional de Habitação},
  organization = {{BRASIL}. Ministério das Cidades. Secretaria Nacional de Habitação},
  pages = {211},
  year = {2009}
}
@misc{HUEngland,
	title = {Live tables on housing supply: indicators of new supply},
	shorttitle = {Live tables on housing supply},
	url = {https://www.gov.uk/government/statistical-data-sets/live-tables-on-house-building},
	abstract = {The latest data tables on housing supply: indicators of new supply.},
	language = {en},
	urldate = {2021-04-12},
	journal = {GOV.UK},
}
@misc{michaelrobertsblog,
  author = {Michael Roberts},
	title = {Land and the rentier economy},
	url = {https://thenextrecession.wordpress.com/2019/12/15/land-and-the-rentier-economy/},
	language = {en},
	urlaccessdate = {2021-04-12},
	journal = {Michael Roberts Blog},
	month = dec,
	year = {2019},
}
@book{newenclosure,
  author = {Brett Christophers},
  title = {The New Enclosure},
  subtitle = {The appropriation of public land in Neoliberal Britain},
  publisher = {Verso Books},
  pages = {384},
  year = {2019}
}
@techreport{landtheory,
  title = {Assessing the Theory and Practice of Land Value Taxation},
  author = {Richard F. Dye and Richard W. England},
  series = {Policy Focus Report},
  publisher = {Lincoln Institute of Land Policy},
  address = {Cambridge, MA},
  year = {2010}
}
@book{landtax,
  title = {Land Value Taxation},
  subtitle = {Theory, Evidence and Practice},
  organization = {Richard F. Dye and Richard W. England},
  address = {Cambridge, MA},
  publisher = {Lincoln Institute of Land Policy},
  year = {2009}
}
@inbook{vickrey,
  author = {William Vickrey},
  title = { Simplification, progression, and a level playing field},
  publisher = {Shepheard-Walwyn},
  booktitle = {Land-Value Taxation},
	booksubtitle = {The equitable and efficient source of public finance},
	organization = {Kenneth C. Wenzer},
  year = {2009}
}
@mastersthesis{fonseca2020,
  address={Brasília},
  author={Hélio Antônio da Fonseca},
  pages={167},
  pagename={f.},
  school={Universidade de Brasília},
  title={Imposto sobre a Propriedade Predial e Territorial Urbana - IPTU, análise da sua relevância na Matriz  Tributária do Distrito Federal},
  subtitle={haverá equidade?},
  type={Mestrado em Gestão Econômica de Finanças Públicas},
  year={2020}
}
@Article{McMillen2020,
  author={Daniel McMillen and Ruchi Singh},
  title={{Assessment Regressivity and Property Taxation}},
  journal={The Journal of Real Estate Finance and Economics},
  year=2020,
  volume={60},
  number={1},
  pages={155-169},
  month={February},
  keywords={Property taxes; Assessment; Regressivity; Income},
  doi={10.1007/s11146-019-09715-},
  url={https://ideas.repec.org/a/kap/jrefec/v60y2020i1d10.1007_s11146-019-09715-x.html}
}
@PROCEEDINGS{cobreap2019,
  title = {Anais do XX Congresso Brasileiro de Engenharia de Avaliações e 
  Perícias (COBREAP 2019)},
  booktitle = {Anais do XX Congresso Brasileiro de Engenharia de Avaliações e 
  Perícias (COBREAP 2019)},
  publisher = {IBAPE},
  address = {Salvador, BA},
  year = {2019}
}
@book{suelo,
  title = {Para leer el suelo urbano},
  subtitle = {Catastros multifinalitarios para la planificación y el desarrollo de las ciudades de América Latina},
  editor = {Diego Alfonso Erba and Mario Andrés Piumetto},
  editortype = {Org.},
  publisher = {Lincoln Institute of Land Policy},
  isbn = {978-1-55844-370-9},
  month = {jan.},
  year = {2017}
}
@book{harvey,
  author = {David Harvey},
  title = {Cidades Rebeldes},
  subtitle = {Do direito às cidade à revolução urbana},
  publisher = {Martins Fontes - selo Martins},
  address = {São Paulo},
  furtherresp={Tradução Jeferson Camargo},
  year = {2014}
}
@article{terraredonda,
  author = {David Harvey},
  title = {Um conto de três cidades},
  journal = {A terra é redonda},
  month = {01 fev.},
  furtherresp  = {Tradução: André Campos Rocha e Carlos Pissardo},
  url = {https://aterraeredonda.com.br/um-conto-de-tres-cidades/},
  urlaccessdate = {24 mai. 2020},
  year = {2020}
}
@book{zizek2005,
  title = {Interrogating the real},
  author = {Slavoj Zizek},
  publisher = {Continuum},
  editor = {Rex Butler and Scott Stephens},
  year = {2005}
}
@article{rolnik,
  author = {Raquel Rolnik},
  title = {After five years, I am back in the UK – and the poverty I observed then is getting worse},
  journal = {Independent},
  url = {https://www.independent.co.uk/voices/un-special-adviser-housing-poverty-uk-increase-housing-crisis-a8843741.html},
  urlaccessdate = {25 mai. 2020},
  month = {28 mar.},
  year = {2019}
}
@article{bonduki_origens_1994,
	title = {Origens da {Habitação} {Social} no {Brasil}},
	volume = {XXIX},
	number = {127},
	journal = {Análise  Social},
	author = {Bonduki, Nabil Georges},
	year = {1994},
	pages = {711--732}
}
@mastersthesis{araujo1986,
  address={S\~ao Paulo},
  author={U. A. M. Ara\’ujo},
  pages={102},
  pagename={f.},
  school={Funda{\c c}\~ao Escola de Sociologia Pol{\’\i}tica de S\~ao Paulo},
  subtitle={possibilidade de estudo de artefatos de museu para o
  conhecimento do
  universo ind{\’\i}gena},
  title={M\’ascaras inteiri{\c c}as Tuk\’una},
  type={Mestrado em Ci\^encias Sociais},
  year={1986}
}
@masterthesis{jung2018,
  address={Porto Alegre},
  author={Demétrius Jung Gonzalez},
  pages={171},
  pagename={f.},
  school={Universidade Federal do Rio Grande do Sul},
  subtitle={Brasil e Inglaterra},
  title={Arquitetura e política da habitação social},
  type={Mestrado em Arquitetura},
  year={2018}
}
@thesis{poleto,
  address={São Carlos/SP},
  author={Sálua Kairuz Manoel Poleto},
  pages={339},
  pagename={f.},
  school={Escola de Engenharia de São Carlos},
  title={Referências européias de arquitetura e urbanismo nas origens da 
  produção de habitação de interesse social no Brasil (1930-1964)},
  type={Doutorado em Arquitetura},
  year={2011}
}
@article{economist-rent-control,
  title = {Europe embraces rent controls, a policy that never works},
  journal = {The {E}conomist},
  issn = {0013-0613},
  url = {https://www.economist.com/europe/2019/07/20/europe-embraces-rent-controls-a-policy-that-never-works},
  urlaccessdate = {07 jun. 2020},
  month = {20 jul.},
  year = {2019}
  }
@article{guardian,
  title = {Sadiq {Khan} calls for new powers to impose {London} rent controls},
  url = {https://www.theguardian.com/politics/2019/jul/19/sadiq-khan-calls-for-new-powers-to-impose-london-rent-controls},
  address = {Brussels},
  author = {Jessica Elgot},
  urlaccesdate = {07 jun. 2020},
  jounal = {The Guardian},
  month = {19 jul.},
  year = {2019}
}
@misc{sigsc,
  address = {Florianópolis},
  title = {Ortofotos do Estado de Santa Catarina},
  furtherresp={Ortofotomosaico 1:10.000 - RGB},
  url = {http://sigsc.sds.sc.gov.br/},
  urlaccessdate = {07 jun. 2020},
  publisher = {Secretaria de Estado do Desenvolvimento Econômico Sustentável},
  year = {2012}  
}
@misc{housing-europe,
	title = {The {State} of {Housing} in the {EU} 2019 {\textbar} {Housing} {Europe}},
	url = {http://www.housingeurope.eu/resource-1323/the-state-of-housing-in-the-eu-2019},
	language = {en},
	urldate = {2020-06-07}
}
@misc{uk-affordable,
	title = {What important lessons can we learn from the {UK} affordable housing market?},
	url = {https://altairltd.co.uk/2019/11/what-can-we-learn-from-the-uk-affordable-housing-market/},
	abstract = {Affordable housing in the UK is by no means perfect, in fact various estimates suggest that between 1997 and 2017 there was an overall deficit of 600k new homes compared to UK Government targets.},
	language = {en-GB},
	urldate = {2020-06-12},
	journal = {Altair},
	month = nov,
	year = {2019}
}
@book{cidade,
  address={Brasília},
  organization={Brasil. Presidência da República},
  title={Lei nº 10.257, de 10 de Julho de 2001},
  subtitle = {Regulamenta os arts. 182 e 183 da Constituição Federal, estabelece 
  diretrizes gerais da política urbana e dá outras providências.},
  url = {https://www2.senado.leg.br/bdsf/bitstream/handle/id/70317/000070317.pdf?sequence=6%20Calizaya},
  month = {10 jul.},
  year={2008}
}
@article{economist2020,
	title = {Home ownership is the {West}’s biggest economic-policy mistake},
	issn = {0013-0613},
	url = {https://www.economist.com/leaders/2020/01/16/home-ownership-is-the-wests-biggest-economic-policy-mistake},
	abstract = {It is an obsession that undermines growth, fairness and public faith in capitalism},
	urldate = {2020-06-12},
	journal = {The {E}conomist}
}
@article{carmelo,
  address = {Kuala Lumpur},
  author = {Carmelo Ferlito},
  title = {The Property Market, Affordability and the Malaysian National Housing Policy},
  journal = {Policy Ideas},
  number = {61},
  url = {http://hdl.handle.net/10419/197287},
  year = {2019}
}
@misc{OCR,
	title = {{COVID}-19 has exposed the extent of the affordable housing crisis. {Here}’s how to start fixing it.},
	url = {https://www.ocregister.com/covid-19-has-exposed-the-extent-of-the-affordable-housing-crisis-heres-how-to-start-fixing-it},
	abstract = {Needlessly restrictive land-use policies have left our communities with too few homes that are too expensive.},
	language = {en-US},
	urldate = {2020-06-12},
	journal = {Orange County Register},
	month = may,
	year = {2020}
}
@misc{primordios,
  author = {Luís Octávio da Silva},
	title = {Primórdios da habitação social: as experiências do entreguerras na {Europa} e {Estados} {Unidos}},
	url = {https://www.vitruvius.com.br/revistas/read/arquitextos/09.097/136},
	urldate = {2020-06-12},
	year = {2008}
}
@book{lugares,
  author = {Raquel Rolnik},
  title = {Guerra dos lugares},
  subtitle = {a colonização da terra e da moradia na era das finanças},
  pages = {423},
  address = {São Paulo},
  publisher = {Boitempo Editorial},
  edition = {Kindle Edition},
  isbn = {978857559460},
  year = {2015}
}
@book{green_2003,
  author = {Richard K. Green and Stephen Malpezzi},
  title = {A primer on US housing markets and housing policy},
  publisher = {The {U}rban {I}nstitute},
  year = {2003}
}
@article{wharton,
	author = {Joseph Gyourko and Albert Saiz and Anita Summers},
	title = {A New Measure of the Local Regulatory Environment for Housing Markets},
	subtitle = {The Wharton Residential Land Use Regulatory Index},
	journal = {Urban Studies},
	volume = {45},
	number = {3},
	pages = {693-729},
	year = {2008},
	doi = {10.1177/0042098007087341},
	URL = {https://doi.org/10.1177/0042098007087341},
	eprint = {https://doi.org/10.1177/0042098007087341}
}

@article{lei14118,
  address = {Brasília, DF},
  month = {12 jan.},
  organization = {Brasil},
	title = {{LEI} {Nº} 14.118, {DE} 12 {DE} {JANEIRO} {DE} 2021 - {DOU} - 
	{Imprensa} {Nacional}},
	subtitle = {Institui o Programa Casa Verde e Amarela; altera as Leis nºs 8.036, 
	de 11 de maio de 1990, 8.100, de 5 de dezembro de 1990, 8.677, de 13 de julho 
	de 1993, 11.124, de 16 de junho de 2005, 11.977, de 7 de julho de 2009, 12.024, 
	de 27 de agosto de 2009, 13.465, de 11 de julho de 2017, e 6.766, de 19 de 
	dezembro de 1979; e revoga a Lei nº 13.439, de 27 de abril de 2017.},
	urlaccessdate = {2021-04-13},
	url = {https://www.in.gov.br/en/web/dou/-/lei-n-14.118-de-12-de-janeiro-de-2021-298832993},
	year = {2021}
}
@article{lei14011,
  address={Brasília, DF},
  month={10 jun.},
  organization={Brasil},
  title={Lei n{$^o$} 14.011, de 10 de junho de 2020},
  subtitle = {Aprimora os procedimentos de gestão e alienação dos imóveis da 
  União; altera as Leis nos 6.015, de 31 de dezembro de 1973, 9.636, de 15 de 
  maio de 1998, 13.240, de 30 de dezembro de 2015, 13.259, de 16 de março de 
  2016, e 10.204, de 22 de fevereiro de 2001, e o Decreto-Lei nº 2.398, de 21 de 
  dezembro de 1987; revoga dispositivos das Leis nos 9.702, de 17 de novembro de 
  1998, 11.481, de 31 de maio de 2007, e 13.874, de 20 de setembro de 2019; e dá 
  outras providências.},
  url={https://www.in.gov.br/en/web/dou/-/lei-n-14.011-de-10-de-junho-de-2020-261279450},
  urlaccessdate={22 set. 2020},
  year={2020}
}
@article{lei9636,
  address={Brasília, DF},
  month={15 mai.},
  organization={Brasil},
  title={Lei n{$^o$} 9.636, de 15 de maio de 1998},
  subtitle = {Dispõe sobre a regularização, administração, aforamento e 
  alienação de bens imóveis de domínio da União, altera dispositivos dos 
  Decretos-Leis nos 9.760, de 5 de setembro de 1946, e 2.398, de 21 de dezembro 
  de 1987, regulamenta o § 2{$^o$} do art. 49 do Ato das Disposições 
  Constitucionais Transitórias, e dá outras providências.},
  url = {http://www.planalto.gov.br/ccivil_03/leis/L9636compilado.htm},
  urlaccessdate={22 set. 2020},
  year = {1998}
}