@inbook{inbook,
author = {Fligstein, Neil and Goldstein, A.},
year = {2011},
month = {01},
pages = {21-55},
title = {The roots of the great recession},
journal = {The Great Recession}
}