






@article{doi:10.1080/01621459.1963.10480679,
author = { Martin J.   Bailey  and  Richard F.   Muth  and  Hugh O.   Nourse },
title = {A Regression Method for Real Estate Price Index Construction},
journal = {Journal of the American Statistical Association},
volume = {58},
number = {304},
pages = {933-942},
year  = {1963},
publisher = {Taylor & Francis},
doi = {10.1080/01621459.1963.10480679},

URL = { 
        https://www.tandfonline.com/doi/abs/10.1080/01621459.1963.10480679
    
},
eprint = { 
        https://www.tandfonline.com/doi/pdf/10.1080/01621459.1963.10480679
    
}

}

    @article {,
    author = {Suits Daniel B.},
    title = {“Use of dummy variables in regression equations”},
    journal = {Journal of the American Statistical Association},
    volume = {52},
    pages = {548},
    year = {1957}
    }

    @article {,
    author = {Tonty Robert L.},
    title = {“Reliability of deed samples as indicators of land market activity”},
    journal = {Land Economics},
    volume = {XXX},
    pages = {47},
    year = {1954}
    }

    @article {,
    author = {Wenzlick Roy},
    title = {“As I see the fluctuations in the selling prices of single-family residences”},
    journal = {The Real Estate Analyst},
    volume = {XXI},
    pages = {541},
    year = {1952}
    }


